@misc{mis_thesis,
    publisher = {Vysoké učení technické v Brně. Fakulta elektrotechniky a komunikačních technologií},
    year = {2020},
    title = {Robotika v lékařství},
    language = {eng},
    author = {Herman, Michal},
    type = {Bachelor's Thesis},
    supervisor = {Ellederová, Eva},
    note = {cit. 2022-03-07},
    howpublished = {\url{http://hdl.handle.net/11012/190353}}
},
@misc{mis_hom,
    author = {Nemocnice na Homolce [online]},
    title = {Centrum robotické chirurgie},
    address = {Praha},
    year = {2017},
    note = {cit. 2022-03-07},
    howpublished = {\url{https://www.homolka.cz/nase-oddeleni/11635-specializovana-centra/11635-centrum-roboticke-chirurgie}}
},
@misc{mis_kraj,
    author = {Krajská zdravotní a.s. [online]},
    title = {Centrum robotické chirurgie},
    address = {Ústí nad Labem},
    year = {2013},
    note = {cit. 2022-03-07},
    howpublished = {\url{https://www.kzcr.eu/rop/centrum-roboticke-chirurgie-7/info.aspx}}
},
@misc{mis_mou,
    author = {Masarykův onkologický ústav [online]},
    title = {Robotická chirurgie},
    address = {Brno},
    year = {2022},
    note = {cit. 2022-03-07},
    howpublished = {\url{https://www.mou.cz/roboticka-chirurgie/t1540}}
},
@misc{intuitive,
    author = {Intuitive Surgical Inc. [online]},
    title = {Intuitive},
    address = {Sunnyvale, California, USA},
    year = {2022},
    note = {cit. 2022-03-07},
    howpublished = {\url{https://www.intuitive.com}}
},
@misc{wiki, 
    title={Robot-assisted surgery [online]},
    journal={Wikipedia},
    author={Wikimedia Foundation},
    year={2022},
    note = {cit. 2022-03-07},
    howpublished = {\url{https://en.wikipedia.org/wiki/Robot-assisted_surgery}}
}
@article{plusminus,
    issn = {0930-2794},
    journal = {Surgical endoscopy},
    pages = {117--119},
    volume = {19},
    publisher = {Springer-Verlag},
    number = {1},
    year = {2005},
    title = {Advantages and limits of robot-assisted laparoscopic surgery: preliminary experience},
    copyright = {Springer-Verlag 2005},
    language = {eng},
    address = {New York},
    author = {Corcione, F and Esposito, C and Cuccurullo, D and Settembre, A and Miranda, N and Amato, F and Pirozzi, F and Caiazzo, P},
},
@article{robot_vs_video,
    issn = {0025-7974},
    journal = {Medicine (Baltimore)},
    pages = {e17089--e17089},
    volume = {98},
    publisher = {LIPPINCOTT WILLIAMS & WILKINS},
    number = {39},
    year = {2019},
    title = {Compare the prognosis of Da Vinci robot-assisted thoracic surgery (RATS) with video-assisted thoracic surgery (VATS) for non-small cell lung cancer: A Meta-analysis},
    copyright = {Copyright 2019 Elsevier B.V., All rights reserved.},
    language = {eng},
    address = {PHILADELPHIA},
    author = {Guo, Feng and Ma, Dongjie and Li, Shanqing and Adamek, Mariusz},
},
@article{costs,
    issn = {0028-4793},
    journal = {The New England journal of medicine},
    pages = {701--704},
    volume = {363},
    publisher = {Massachusetts Medical Society},
    number = {8},
    year = {2010},
    title = {New Technology and Health Care Costs — The Case of Robot-Assisted Surgery},
    copyright = {Copyright © 2010 Massachusetts Medical Society. All rights reserved.},
    language = {eng},
    address = {WALTHAM},
    author = {Barbash, Gabriel I and Glied, Sherry A},
},
@article{da_Vinci,
    issn = {1043-3074},
    journal = {Head and neck},
    pages = {2077--2087},
    volume = {42},
    publisher = {John Wiley and Sons, Inc},
    number = {8},
    year = {2020},
    title = {One-year outcomes for da Vinci single port robot for transoral robotic surgery},
    copyright = {2020 Wiley Periodicals, Inc.},
    language = {eng},
    address = {Hoboken, USA},
    author = {Van Abel, Kathryn M and Yin, Linda X and Price, Daniel L and Janus, Jeffery R and Kasperbauer, Jan L and Moore, Eric J},
},
@misc{da_Vinci_handbook,
    title     = {Uživatelská příručka k systému da Vinci Xi},
    author = {Intuitive Surgical Inc.},    
    address = {Sunnyvale, California, USA},
    year      = {2019},
    note = {cit. 2022-03-07},
    howpublished = {\url{https://manuals.intuitivesurgical.com/home}}
},
@article{minirobot,
    issn = {2218-6581},
    journal = {Robotics (Basel)},
    pages = {70--82},
    volume = {3},
    publisher = {MDPI AG},
    number = {1},
    year = {2014},
    title = {A miniature robot for retraction tasks under vision assistance in Minimally Invasive Surgery},
    copyright = {Copyright 2018 Elsevier B.V., All rights reserved.},
    language = {eng},
    address = {Basel},
    author = {Tortora, Giuseppe and Ranzani, Tommaso and De Falco, Iris and Dario, Paolo and Menciassi, Arianna},
},
@article{lobster,
    issn = {0921-8890},
    journal = {Robotics and autonomous systems},
    pages = {103599},
    volume = {131},
    publisher = {Elsevier B.V},
    year = {2020},
    title = {A lobster-inspired articulated shaft for minimally invasive surgery},
    copyright = {2020 Elsevier B.V.},
    language = {eng},
    author = {Chen, Yaohui and Chung, Hoam and Chen, Bernard and Baoyinjiya},
},
@article{coordination,
    issn = {1861-6410},
    journal = {International journal for computer assisted radiology and surgery},
    pages = {2123--2135},
    volume = {14},
    publisher = {Springer International Publishing},
    number = {12},
    year = {2019},
    title = {A “eye-in-body” integrated surgery robot system for stereotactic surgery},
    copyright = {CARS 2019},
    language = {eng},
    address = {Cham},
    author = {Li, Liang and Wu, Julia and Ding, Hui and Wang, Guangzhi},
},
@article{4DOF,
    issn = {1552-3098},
    journal = {IEEE transactions on robotics},
    pages = {484--498},
    volume = {32},
    publisher = {IEEE},
    number = {3},
    year = {2016},
    title = {A Novel 4-DOF Origami Grasper With an SMA-Actuation System for Minimally Invasive Surgery},
    copyright = {Copyright 2016 Elsevier B.V., All rights reserved.},
    language = {eng},
    address = {PISCATAWAY},
    author = {Salerno, Marco and Ketao Zhang and Menciassi, Arianna and Dai, Jian S},
},
@article{7DOF,
    issn = {0921-8890},
    journal = {Robotics and autonomous systems},
    pages = {95--106},
    volume = {106},
    publisher = {Elsevier B.V},
    year = {2018},
    title = {Collaborative framework for robot-assisted minimally invasive surgery using a 7-DoF anthropomorphic robot},
    copyright = {2018 Elsevier B.V.},
    language = {eng},
    address = {AMSTERDAM},
    author = {Sandoval, J and Su, H and Vieyres, P and Poisson, G and Ferrigno, G and De Momi, E},
},
@article{intelligent_soft_robot,
    autissn = {2640-4567},
    journal = {Advanced intelligent systems},
    pages = {2100011--n/a},
    volume = {3},
    publisher = {Wiley},
    number = {5},
    year = {2021},
    title = {Intelligent Soft Surgical Robots for Next-Generation Minimally Invasive Surgery},
    copyright = {2021 The Authors. Advanced Intelligent Systems published by Wiley-VCH GmbH},
    language = {eng},
    author = {Zhu, Jiaqi and Lyu, Liangxiong and Xu, Yi and Liang, Huageng and Zhang, Xiaoping and Ding, Han and Wu, Zhigang},
},
@article{variable_stiffness_robot,
    issn = {2296-9144},
    journal = {Frontiers in robotics and AI},
    pages = {141--141},
    volume = {6},
    publisher = {Frontiers Media S.A},
    year = {2020},
    title = {Deployable, Variable Stiffness, Cable Driven Robot for Minimally Invasive Surgery},
    copyright = {Copyright 2020 Elsevier B.V., All rights reserved.},
    language = {eng},
    address = {Switzerland},
    author = {Runciman, Mark and Avery, James and Zhao, Ming and Darzi, Ara and Mylonas, George P},
},
@article{dynamic_model_cable,
    issn = {1478-5951},
    journal = {The international journal of medical robotics + computer assisted surgery},
    pages = {e2234--n/a},
    volume = {17},
    publisher = {Wiley Subscription Services, Inc},
    number = {3},
    year = {2021},
    title = {Dynamic model and control for a cable-driven continuum manipulator used for minimally invasive surgery},
    copyright = {2021 John Wiley & Sons Ltd.},
    language = {eng},
    address = {England},
    author = {Qi, Fei and Chen, Bai and Gao, Shuyuan and She, Shigang},
},
@article{teaching_humanoid,
    issn = {1545-5955},
    journal = {IEEE transactions on automation science and engineering},
    pages = {484--494},
    volume = {18},
    publisher = {IEEE},
    number = {2},
    year = {2021},
    title = {Toward Teaching by Demonstration for Robot-Assisted Minimally Invasive Surgery},
    copyright = {Copyright 2021 Elsevier B.V., All rights reserved.},
    language = {eng},
    author = {Su, Hang and Mariani, Andrea and Ovur, Salih Ertug and Menciassi, Arianna and Ferrigno, Giancarlo and De Momi, Elena},
},
@article{self_learning,
    issn = {0930-2794},
    journal = {Surgical endoscopy},
    pages = {5365--5374},
    volume = {35},
    publisher = {Springer US},
    number = {9},
    year = {2021},
    title = {A learning robot for cognitive camera control in minimally invasive surgery},
    copyright = {The Author(s) 2021},
    language = {eng},
    address = {New York},
    author = {Wagner, Martin and Bihlmaier, Andreas and Kenngott, Hannes Götz and Mietkowski, Patrick and Scheikl, Paul Maria and Bodenstedt, Sebastian and Schiepe-Tiska, Anja and Vetter, Josephin and Nickel, Felix and Speidel, S and Wörn, H and Mathis-Ullrich, F and Müller-Stich, B. P},
},
@article{intelligent_system,
    issn = {1478-5951},
    journal = {The international journal of medical robotics + computer assisted surgery},
    pages = {e2049--n/a},
    volume = {16},
    publisher = {Wiley Subscription Services, Inc},
    number = {1},
    year = {2020},
    title = {Development of a novel intelligent laparoscope system for semi-automatic minimally invasive surgery},
    copyright = {2019 John Wiley & Sons, Ltd.},
    language = {eng},
    address = {England},
    author = {Sun, Yanwen and Pan, Bo and Fu, Yili and Cao, Fayi},
}
